@article{ramanagua1,
  title={Optical remote sensing of water temperature using Raman spectroscopy},
  author={Artlett, CP and Pask, HM},
  journal={Optics express},
  volume={23},
  number={25},
  pages={31844--31856},
  year={2015},
  publisher={Optical Society of America}
}

@article{walrafen1,
  title={Temperature dependence of the low-and high-frequency Raman scattering from liquid water},
  author={Walrafen, GE and Fisher, MR and Hokmabadi, MS and Yang, W-H},
  journal={The Journal of chemical physics},
  volume={85},
  number={12},
  pages={6970--6982},
  year={1986},
  publisher={AIP}
}

@article{jouleteorico,
  title={Joule heating effect on electroosmotic flow and mass species transport in a microcapillary},
  author={Tang, GY and Yang, Chun and Chai, JC and Gong, HQ},
  journal={International Journal of Heat and Mass Transfer},
  volume={47},
  number={2},
  pages={215--227},
  year={2004},
  publisher={Elsevier}
}

@article{competencia1,
  title={Electroosmotic flow in rectangular microchannels with Joule heating effects},
  author={Hsieh, Shou-Shing and Yang, Teng-Kuei},
  journal={Journal of Micromechanics and Microengineering},
  volume={18},
  number={2},
  pages={025025},
  year={2008},
  publisher={IOP Publishing}
}